@article{perez2019boolean,
  title={Boolean perspectives of idioms and the Boyle derivative},
  author={P{\'e}rez, Jaime Castro and B{\'a}rcenas, Mauricio Medina and Montes, Jos{\'e} R{\'\i}os and Corichi, Angel Zald{\'\i}var},
  journal={Applied Categorical Structures},
  volume={27},
  number={1},
  pages={65--84},
  year={2019},
  publisher={Springer}
}

@article{medina2021morgan,
  title={On the De Morgan’s Laws for Modules},
  author={Medina-B{\'a}rcenas, Mauricio and Sandoval-Miranda, Martha Lizbeth Shaid and Zald{\'\i}var-Corichi, {\'A}ngel},
  journal={Applied Categorical Structures},
  pages={1--22},
  year={2021},
  publisher={Springer}
}


@article{rios2016dimension,
  title={Dimension and decomposition in modular upper-continuous lattices},
  author={R{\'\i}os Montes, Jos{\'e} and Zald{\'\i}var Corichi, Angel},
  journal={Algebra universalis},
  volume={76},
  number={1},
  pages={33--51},
  year={2016},
  publisher={Springer}
}











@book{calugareanu2013lattice,
	title={Lattice concepts of module theory},
	author={Calugareanu, Grigore},
	volume={22},
	year={2013},
	publisher={Springer Science \& Business Media}
}

@article{albu2016conditions,
	title={The conditions ${(C_i)}$ in modular lattices, and applications},
	author={Albu, Toma and Iosif, Mihai and Tercan, Adnan},
	journal={Journal of Algebra and Its Applications},
	volume={15},
	number={01},
	pages={1650001},
	year={2016},
	publisher={World Scientific}
}


@article{gomez1985spectral,
  title={Spectral Gabriel topologies and relative singular functors},
  author={G{\'o}mez Pardo, Jos{\'e} L},
  journal={Communications in Algebra},
  volume={13},
  number={1},
  pages={21--57},
  year={1985},
  publisher={Taylor \& Francis}
}



@article{raggi1983algunas,
  title={Algunas relaciones entre anillos semiartinianos y la teor{\'\i}a de torsi{\'o}n de Goldie},
  author={Raggi, F and R{\'\i}os, J},
  journal={Anales del Instituto de Matem{\'a}ticas, UNA. M},
  volume={23},
  pages={41--54},
  year={1983}
}




@book{chattersrings,
  title={Rings with chain conditions},
  author={Chatters, Arthur W and Hajarnavis, Charudatta R},
  volume={44},
  year={1980},
  publisher={Pitman Advanced Pub. Program}
}


@article{maugoldie,
title = {On semiprime Goldie modules},
author = {Castro, Jaime and Medina, Mauricio and R{\'{i}}os, Jos{\'{e}} and Zald{\'{i}}var, Angel},
journal={Communications in Algebra},
note={to appear}
}

@book{gillmanrings,
  title={Rings of continuous functions},
  author={Gillman, Leonard and Jerison, Meyer},
  year={2013},
  publisher={Springer Science \& Business Media}
}

@article{borceux1987locales,
  title={On locales of localizations},
  author={Borceux, Francis and Kelly, GM},
  journal={Journal of Pure and Applied Algebra},
  volume={46},
  number={1},
  pages={1--34},
  year={1987},
  publisher={Elsevier}
}
@incollection{fourman1979sheaves,
  title={Sheaves and logic},
  author={Fourman, Michael P and Scott, Dana S},
  booktitle={Applications of sheaves},
  pages={302--401},
  year={1979},
  publisher={Springer}
}


@phdthesis{wilson1994assembly,
  title={The assembly tower and some categorical and algebraic aspects of frame theory},
  author={Wilson, J Todd},
  school={Carnegie Mellon University},
	year={1994},
  institution={DTIC Document}
}

@book{mac1992sheaves,
  title={Sheaves in geometry and logic},
  author={Mac Lane, Saunders and Moerdijk, Ieke},
  year={1992},
  publisher={Springer Science \& Business Media}
}




@article{simmonshigher,
  title={The higher level CB properties of frames},
  author={Simmons, Harold}
}







@article{herrlich1991art,
  title={The art of pointless thinking: a student’s guide to the category of locales},
  author={Herrlich, H and Porsl, HE},
  journal={Category theory at work},
  volume={18},
  pages={85},
  year={1991},
  publisher={Heldermann Verlag}
}

@article{golan1988derivatives,
  title={Derivatives, nuclei and dimensions on the frame of torsion theories},
  author={Golan, Jonathan S and Simmons, Harold},
  journal={Pitman research notes in mathematics series},
  year={1988},
  publisher={Longman scientific \& technical}
}



@article{iyengar2013bousfield,
  title={The Bousfield lattice of a triangulated category and stratification},
  author={Iyengar, Srikanth B and Krause, Henning},
  journal={Mathematische Zeitschrift},
  volume={273},
  number={3-4},
  pages={1215--1241},
  year={2013},
  publisher={Springer-Verlag}
}

@article{simmons1988semiring,
  title={The semiring of topologizing filters of a ring},
  author={Simmons, Harold},
  journal={Israel Journal of Mathematics},
  volume={61},
  number={3},
  pages={271--284},
  year={1988},
  publisher={Hebrew University Magnes Press}
}


@article{popescu1973abelian,
  title={Abelian categories with applications to rings and modules},
  author={Popescu, Nicolae},
  year={1973},
  publisher={Academic Press}
}

@article{picardo2012frames,
  title={Frames and locales},
  author={Picardo, J and Pultra, A},
  journal={Topology without points},
  year={2012}
}


@article{medina2015generalization,
  title={A generalization of quantales with applications to modules and rings},
  author={Medina-B{\'a}rcenas, Mauricio Gabriel and Zald{\'\i}var-Corichi, Luis Angel and Sandoval-Miranda, Martha Lizbeth Shaid},
  journal={Journal of Pure and Applied Algebra},
  year={2015},
  publisher={Elsevier}
}



@article{johnstone1986stone,
  title={Stone spaces},
  author={Johnstone, Peter T},
  year={1986},
  publisher={Cambridge University Press}
}

@book{johnstone2002sketches,
  title={Sketches of an elephant: A topos theory compendium},
  author={Johnstone, Peter T},
  volume={2},
  year={2002},
  publisher={Oxford University Press}
}

@book{johnstone2014topos,
  title={Topos theory},
  author={Johnstone, Peter T},
  year={2014},
  publisher={Courier Corporation}
}

@article{johnstone1981tychonoff,
  title={Tychonoff's theorem without the axiom of choice},
  author={Johnstone, Peter T},
  journal={Fund. Math},
  volume={113},
  number={1},
  pages={21--35},
  year={1981}
}




@book{maclane2012sheaves,
  title={Sheaves in geometry and logic: A first introduction to topos theory},
  author={MacLane, Saunders and Moerdijk, Ieke},
  year={2012},
  publisher={Springer Science \& Business Media}
}

@article{nastasescu1987dimensions,
  title={Dimensions of ring theory},
  author={Nastasescu, Constantin and Van Oystaeyen, Freddy},
  year={1987},
  publisher={Springer Science \& Business Media}
}



@article{golan1986torsion,
  title={Torsion theories},
  author={Golan, Jonathan S},
  year={1986}
}



@article{golan1977decomposition,
  title={Decomposition and dimension in module categories},
  author={Golan, Jonathan S},
  year={1977},
  publisher={CRC Press}
}





@article{raynaud1978, 
title={Localisations premieres et premieres localisations stable par enveloppes injectives},
author={Raynaud, J.},
journal={Ring theory, Proceedings of the 1977 Antwerp Conference},
pages={81-111},
year={1978},
publisher={New York: Marcel Dekker}
}
@article{gordon1974gabriel,
  title={The Gabriel dimension of a module},
  author={Gordon, Robert and Robson, J Chris},
  journal={Journal of Algebra},
  volume={29},
  number={3},
  pages={459--473},
  year={1974},
  publisher={Elsevier}
}

@book{gordon1973krull,
  title={Krull dimension},
  author={Gordon, Robert and Robson, James Christopher},
  volume={133},
  year={1973},
  publisher={American Mathematical Soc.}
}


@article{kock2013hochster,
  title={Hochster duality in derived categories and point-free reconstruction of schemes},
  author={Kock, Joachim and Pitsch, Wolfgang},
  journal={arXiv preprint arXiv:1305.1503},
  year={2013}
}

@article{montes2015dimension,
  title={Dimension and decomposition in modular upper-continuous lattices},
  author={Montes, Jos{\'e} R{\'\i}os and Zald{\'\i}var, Angel},
  journal={arXiv preprint arXiv:1511.09172},
  year={2015}
}
@article{ehresmann1958gattungen,
  title={Gattungen von lokalen Strukturen.},
  author={Ehresmann, Charles},
  journal={Jahresbericht der Deutschen Mathematiker-Vereinigung},
  volume={60},
  pages={49--77},
  year={1958}
}

@article{dowker1966quotient,
  title={Quotient frames and subspaces},
  author={Dowker, CH and Papert, Dona},
  journal={Proceedings of the London Mathematical Society},
  volume={3},
  number={1},
  pages={275--296},
  year={1966},
  publisher={Oxford University Press}
}

@article{var2015note,
  title={A Note on Gabriel dimension for idioms},
  author={Zald{\'\i}var, Angel},
  journal={arXiv preprint arXiv:1507.07078},
  year={2015}
}


@article{isbell1972atomless,
  title={Atomless Parts of Spaces.},
  author={Isbell, John R},
  journal={Mathematica Scandinavica},
  volume={31},
  pages={5--32},
  year={1972}
}


@article{simmons1989separating,
  title={Separating the discrete from the continuous by iterating derivatives},
  author={Simmons, H},
  journal={Bull. Soc. Math. Belg},
  volume={41},
  pages={417--463},
  year={1989}
}
@article{simmmons1989near,
  title={Near-discreteness of modules and spaces as measured by Gabriel and Cantor},
  author={Simmons, Harold},
  journal={Journal of Pure and Applied Algebra},
  volume={56},
  number={2},
  pages={119--162},
  year={1989},
  publisher={Elsevier}
}

@misc{simmonspoint,
  author={Simmons, H},
	title={The point space of a frame},
  howpublished={\url{http://www.cs.man.ac.uk/~hsimmons/FRAMES/C-POINTSPACE.pdf}} ,
  year={2006}
}

@article{simmons1991generalized,
  title={Generalized deviations of posets},
  author={Simmons, Harold},
  journal={Discrete mathematics},
  volume={98},
  number={2},
  pages={123--139},
  year={1991},
  publisher={Elsevier}
}
@misc{simmons2006fundamental,
  author={Simmons, H},
	title={The fundamental triangle of a space},
  howpublished={\url{http://www.cs.man.ac.uk/~hsimmons/FRAMES/D-FUNDTRIANGLE.pdf}},
  year={2006}
}

@misc{simmons2006assembly,
  author={Simmons, H},
	title={The assembly of a frame},
  howpublished={\url{http://www.cs.man.ac.uk/~hsimmons/FRAMES/B-Assembly.pdf}},
  year={2006}
}

@misc{simmonscollection,
  author={Simmons, H},
	title={A collection of notes on frames},
  howpublished={\url{http://www.cs.man.ac.uk/~hsimmons/FRAMES/frames.html}}
}

@misc{simmons2006basics,
  author={Simmons, H},
	title={The basics of frame theory},
  howpublished={\url{http://www.cs.man.ac.uk/~hsimmons/FRAMES/A-Basics.pdf}},
  year={2006}
}

@misc{simmonsrelative,
  author={Simmons, H},
	title={The relative basic derivatives for an idiom},
  howpublished={\url{http://www.cs.man.ac.uk/~hsimmons/00-IDSandMODS/003-Rel.pdf}},
	month={2},
	year={2014}
}
@misc{simmonscantor,
  author={Simmons, H},
	title={Cantor-Bendixson, socle, and atomicity},
  howpublished={\url{http://www.cs.man.ac.uk/~hsimmons/00-IDSandMODS/002-Atom.pdf}},
	month={2},
	year={2014}
}

@misc{simmonsGtop,
author={Simmons, H},
title={How to generate {G}-topologies for module presheaf categories},
howpublished={\url{http://www.cs.man.ac.uk/~hsimmons/FOR-TOMMY/G-GTOPS.pdf}},
year={2012}

}

@misc{simmonsgabriel,
  author={Simmons, H},
	title={The {G}abriel and the {B}oyle derivatives for a modular idiom},
  howpublished={\url{http://www.cs.man.ac.uk/~hsimmons/00-IDSandMODS/004-GandB.pdf}},
  month={3},
	year={2014}
}

@misc{simmonsintroduction,
  author={Simmons, H},
	title={An introduction to idioms},
  howpublished={\url{http://www.cs.man.ac.uk/~hsimmons/00-IDSandMODS/001-Idioms.pdf}},
  month=2,
  year=2014,
  
}




	@misc{simmonsvarious,
  author={Simmons, H}, 
  title={Various dimensions for modules and idioms},
  howpublished={\url{http://www.cs.man.ac.uk/~hsimmons/00-IDSandMODS/006-MvI.pdf}},
  month=3,
  year=2014,
  note={In \cite{simmonsintroduction} this document appeared as item 6}
}




@article{simmons2010decomposition,
  title={A decomposition theory for complete modular meet-continuous lattices},
  author={Simmons, Harold},
  journal={Algebra universalis},
  volume={64},
  number={3-4},
  pages={349--377},
  year={2010},
  publisher={Springer}
}


@article{simmons1984torsion,
  title={Torsion theoretic points and spaces},
  author={Simmons, Harold},
  journal={Proceedings of the Royal Society of Edinburgh: Section A Mathematics},
  volume={96},
  number={3-4},
  pages={345--361},
  year={1984},
  publisher={Cambridge Univ Press}
	}
	
	
	@misc{simmons2001point,
  title={The point-free approach to sheafification},
  author={Simmons, Harold},
  year={2001},
  publisher={Citeseer}
}


@article{simmonssome,
  title={Some methods of attaching a topological space to a ring},
  author={Simmons, H}
}

@article{simmons2004coverage,
  title={The coverage technique for enriched posets},
  author={Simmons, Harold},
  journal={Available from the author’s homepage www. cs. man. ac. uk/\~{} hsimmons},
  year={2004}
}


@article{simmons1989compact,
  title={Compact representations—the lattice theory of compact ringed spaces},
  author={Simmons, Harold},
  journal={Journal of Algebra},
  volume={126},
  number={2},
  pages={493--531},
  year={1989},
  publisher={Elsevier}
}

@article{simmonstwo,
  title={Two sided multiplicative lattices and ring radicals},
  author={Simmons, H},
  journal={preprint}
}

@book{stenstrom1975rings,
  title={Rings of quotients: An introduction to methods of ring theory},
  author={Stenstr{\"o}m, Bo},
  volume={217},
  year={1975},
  publisher={Springer Berlin}
}

@article{macnab1981modal,
  title={Modal operators on {H}eyting algebras},
  author={Macnab, DS},
  journal={Algebra Universalis},
  volume={12},
  number={1},
  pages={5--29},
  year={1981},
  publisher={Springer}
}


@article{borceux1984sheaf,
  title={A sheaf representation for modules with applications to Gelfand rings},
  author={Borceux, Francis and Simmons, Harold and van den Bossche, Gilberte},
  journal={Proceedings of the London Mathematical Society},
  volume={3},
  number={2},
  pages={230--246},
  year={1984},
  publisher={Oxford University Press}
}






@article{simmons1984three,
  title={Three sheaf constructions for noncommutative rings},
  author={Simmons, Harold},
  year={1984},
  publisher={Citeseer}
}




@article{golan1980two,
  title={Two sheaf constructions for noncommutative rings},
  author={Golan, Jonathan S},
  journal={Houston J. Math},
  volume={6},
  number={1},
  pages={59--66},
  year={1980},
  publisher={Citeseer}
}
